@incollection{bouaziz2023projective,
  title     = {Projective dynamics: Fusing constraint projections for fast simulation},
  author    = {Bouaziz, Sofien and Martin, Sebastian and Liu, Tiantian and Kavan, Ladislav and Pauly, Mark},
  booktitle = {Seminal Graphics Papers: Pushing the Boundaries, Volume 2},
  pages     = {787--797},
  year      = {2023}
}
